001  0000227
005  20180919172032.012
008  170821s||||     bl|||||||||||||||||por|u
020    $a8586442
040    $aPorto Alegre $bpor
080    $21997$a34:323.14
090    $a34:323.14$bS586a
100 1  $aSilva Jr., Hédio
245 10 $aAnti-racismo$cHédio Silva Jr.
260    $aSão Paulo$b1998
300    $a311 p.
490 0  $aColetânea de leis brasileiras - Federais, estaduais e municipais$v1 ed.
650    $aRacismo
650    $aBrasil
650    $aLeis e legislação
